<?xml version="1.0" encoding="UTF-8"?><record xmlns="http://www.loc.gov/MARC21/slim" xmlns:cinclude="http://apache.org/cocoon/include/1.0" xmlns:zs="http://www.loc.gov/zing/srw/">
  <leader>00395cz  a2200121n  4500</leader>
  <controlfield tag="001">n  88096891 </controlfield>
  <controlfield tag="003">DLC</controlfield>
  <controlfield tag="005">19891025061327.7</controlfield>
  <controlfield tag="008">890920n| acannaab|          |n aaa ||| b</controlfield>
  <datafield tag="010" ind1=" " ind2=" ">
    <subfield code="a">n  88096891 </subfield>
  </datafield>
  <datafield tag="040" ind1=" " ind2=" ">
    <subfield code="a">DNLM</subfield>
    <subfield code="c">DLC</subfield>
  </datafield>
  <datafield tag="100" ind1="1" ind2="0">
    <subfield code="a">Nichols, Wilmer W.</subfield>
  </datafield>
  <datafield tag="670" ind1=" " ind2=" ">
    <subfield code="a">McDonald's blood flow in arteries, 1990:</subfield>
    <subfield code="b">CIP t.p. (Wilmer W. Nichols, PhD, FACC; assoc. prof., Cardiology Div., Univ. of Fla. Med. School)</subfield>
  </datafield>
</record>